@book{Bishop:2006:PRM:1162264,
 author = {Bishop, Christopher M.},
 title = {Pattern Recognition and Machine Learning (Information Science and Statistics)},
 year = {2006},
 isbn = {0387310738},
 publisher = {Springer-Verlag New York, Inc.},
 address = {Secaucus, NJ, USA},
} 

@INPROCEEDINGS{5718506, 
author={Hai-Guang Li and Gong-Qing Wu and Xue-Gang Hu and Jing Zhang and Lian Li and Xindong Wu}, 
booktitle={System Sciences (HICSS), 2011 44th Hawaii International Conference on}, 
title={K-Means Clustering with Bagging and MapReduce}, 
year={2011}, 
month={Jan}, 
pages={1-8}, 
keywords={bagging;data analysis;distributed processing;pattern clustering;K-means clustering algorithm;MapReduce;computer science;data analysis;data object;data set;distributed computing;ensemble learning method bagging;social sciences;Algorithm design and analysis;Bagging;Clustering algorithms;Computer science;Machine learning algorithms;Merging;Training}, 
doi={10.1109/HICSS.2011.265}, 
ISSN={1530-1605},}

@INPROCEEDINGS{7019379, 
author={Garg, D. and Trivedi, K.}, 
booktitle={Advanced Communication Control and Computing Technologies (ICACCCT), 2014 International Conference on}, 
title={Fuzzy K-mean clustering in MapReduce on cloud based hadoop}, 
year={2014}, 
month={May}, 
pages={1607-1610}, 
keywords={cloud computing;data handling;learning (artificial intelligence);parallel programming;pattern clustering;Amazon EC2;Amazon Elastic Cloud Computing;Mahout;MapReduce programming model;data clustering;distributed processing;fuzzy k-mean clustering;machine learning library;multinode Hadoop cluster;Clustering algorithms;Computers;Conferences;Data mining;Iris;Java;Vectors;Fuzzy K-mean clustering;HDFS;Hadoop;Mahout;MapReduce}, 
doi={10.1109/ICACCCT.2014.7019379},}


@article{fuzzymapreduce,
year={2015},
issn={1868-8071},
journal={International Journal of Machine Learning and Cybernetics},
doi={10.1007/s13042-015-0367-0},
title={MapReduce-based fuzzy c-means clustering algorithm: implementation and scalability},
url={http://dx.doi.org/10.1007/s13042-015-0367-0},
publisher={Springer Berlin Heidelberg},
keywords={MapReduce; Hadoop; Scalability},
author={Ludwig, SimoneA.},
pages={1-12},
language={English}
}

@misc{mlib,
title = {Spark's MLib: Clustering},
note = {Accessed: 08.07.2015},
howpublished = {http://spark.apache.org/docs/latest/mllib-clustering.html}
}

@misc{spark,
title = {Apache Spark},
note = {Accessed: 08.07.2015},
howpublished = {http://spark.apache.org/}
}

@misc{sparkStreamingKmeans,
title = {Databricks, Streaming K-Means},
note = {Accessed: 01.03.2016},
howpublished = {https://databricks.com/blog/2015/01/28/introducing-streaming-k-means-in-spark-1-2.html}
}

@misc{sparkStreaming,
title = {Apache Spark, streaming},
note = {Accessed: 01.03.2016},
howpublished = {http://spark.apache.org/docs/latest/streaming-programming-guide.html}
}

@misc{SparkResearch,
title = {Apache Spark, research},
note = {Accessed: 24.01.2016},
howpublished = {http://spark.apache.org/research}
}

@misc{scikit-mbk,
title = {Scikit-Learn: Mini Batch Kmeans},
note = {2010-2014 BSD License, Accessed: 08.07.2015},
howpublished = {http://scikit-learn.org/stable/modules/clustering.html}
}

@inproceedings{clustreamOrig,
 author = {Aggarwal, Charu C. and Han, Jiawei and Wang, Jianyong and Yu, Philip S.},
 title = {A Framework for Clustering Evolving Data Streams},
 booktitle = {Proceedings of the 29th International Conference on Very Large Data Bases - Volume 29},
 series = {VLDB '03},
 year = {2003},
 isbn = {0-12-722442-4},
 location = {Berlin, Germany},
 pages = {81--92},
 numpages = {12},
 url = {http://dl.acm.org/citation.cfm?id=1315451.1315460},
 acmid = {1315460},
 publisher = {VLDB Endowment},
} 

@article{samoa,
  author  = {Gianmarco De Francisci Morales and Albert Bifet},
  title   = {SAMOA: Scalable Advanced Massive Online Analysis},
  journal = {Journal of Machine Learning Research},
  year    = {2015},
  volume  = {16},
  pages   = {149-153},
  url     = {http://jmlr.org/papers/v16/morales15a.html}
}

@INPROCEEDINGS{mapreduce,
    author = {Jeffrey Dean and Sanjay Ghemawat},
    title = {MapReduce: simplified data processing on large clusters},
    booktitle = {OSDI 04: PROCEEDINGS OF THE 6TH CONFERENCE ON SYMPOSIUM ON OPERATING SYSTEMS DESIGN AND IMPLEMENTATION},
    year = {2004},
    publisher = {USENIX Association}
}

@INPROCEEDINGS{googleFS,
 author = {Ghemawat, Sanjay and Gobioff, Howard and Leung, Shun-Tak},
 title = {The Google File System},
 booktitle = {Proceedings of the Nineteenth ACM Symposium on Operating Systems Principles},
 series = {SOSP '03},
 year = {2003},
 isbn = {1-58113-757-5},
 location = {Bolton Landing, NY, USA},
 pages = {29--43},
 numpages = {15},
 url = {http://doi.acm.org/10.1145/945445.945450},
 doi = {10.1145/945445.945450},
 acmid = {945450},
 publisher = {ACM},
 address = {New York, NY, USA},
 keywords = {clustered storage, data storage, fault tolerance, scalability},
} 

@misc{typesafesurvey,
title = {Apache Spark: Preparing for the Next Wave of Reactive Big Data},
note = {January 27, 2015},
howpublished = {https://www.typesafe.com/blog/apache-spark-preparing-for-the-next-wave-of-reactive-big-data}
}

@article{sparkvsmapreduce,
	author = {Satish Gopalani and Rohan Arora},
	title = {Article: Comparing Apache Spark and Map Reduce with Performance Analysis using K-Means},
	journal = {International Journal of Computer Applications},
	year = {2015},
	volume = {113},
	number = {1},
	pages = {8-11},
	month = {March},
	note = {Full text available}
}

@inproceedings{zhang96birch,
  added-at = {2008-03-31T11:26:14.000+0200},
  author = {Zhang, Tian and Ramakrishnan, Raghu and Livny, Miron},
  biburl = {http://www.bibsonomy.org/bibtex/260f5c714819cecc170523eeb7af4471f/msn},
  booktitle = {SIGMOD '96: Proceedings of the 1996 ACM SIGMOD International Conference on Management of Data},
  editor = {Widom, Jennifer},
  interhash = {bd3d8e33e8785ecf66408081db016ca4},
  intrahash = {60f5c714819cecc170523eeb7af4471f},
  isbn_ = {0-89791-794-4},
  keywords = {cites.gradu research.clustering},
  language = {english},
  location_ = {Montreal, Quebec, Canada},
  pages = {103-114},
  publisher = {ACM Press},
  timestamp = {2009-06-25T15:59:12.000+0200},
  title = {{BIRCH}: an efficient data clustering method for very large databases},
  url = {http://doi.acm.org/10.1145/233269.233324},
  year = 1996
}

@book{alpaydin2014introduction,
  title={Introduction to Machine Learning},
  author={Alpaydin, E.},
  isbn={9780262028189},
  lccn={2004109627},
  series={Adaptive Computation and Machine Learning},
  url={https://books.google.de/books?id=NP5bBAAAQBAJ},
  year={2014},
  publisher={MIT Press}
}
